@article{dean2008mapreduce,
  title={MapReduce: simplified data processing on large clusters},
  author={Dean, Jeffrey and Ghemawat, Sanjay},
  journal={Communications of the ACM},
  volume={51},
  number={1},
  pages={107--113},
  year={2008},
  publisher={ACM}
}
@inproceedings{neumeyer2010s4,
  title={S4: Distributed stream computing platform},
  author={Neumeyer, Leonardo and Robbins, Bruce and Nair, Anish and Kesari, Anand},
  booktitle={Data Mining Workshops (ICDMW), 2010 IEEE International Conference on},
  pages={170--177},
  year={2010},
  organization={IEEE}
}
@article{lam2012muppet,
  title={Muppet: MapReduce-style processing of fast data},
  author={Lam, Wang and Liu, Lu and Prasad, STS and Rajaraman, Anand and Vacheri, Zoheb and Doan, AnHai},
  journal={Proceedings of the VLDB Endowment},
  volume={5},
  number={12},
  pages={1814--1825},
  year={2012},
  publisher={VLDB Endowment}
}
@article{lohrmann2013nephele,
  title={Nephele streaming: stream processing under QoS constraints at scale},
  author={Lohrmann, Bj{\"o}rn and Warneke, Daniel and Kao, Odej},
  journal={Cluster Computing},
  pages={1--18},
  year={2013},
  publisher={Springer}
}
@article{Amini2006,
author = {Amini, Lisa and Andrade, Henrique and Bhagwan, Ranjita},
isbn = {159593443X},
journal = {\ldots on Data mining \ldots},
mendeley-groups = {distributed-data-stream-processing},
pages = {27--37},
title = {{SPC: A distributed, scalable platform for data mining}},
url = {http://dl.acm.org/citation.cfm?id=1289615},
year = {2006}
}

@article{agha1985actors,
  title={Actors: a model of concurrent computation in distributed systems},
  author={Agha, Gul Abdulnabi},
  year={1985}
}

@article{golab2010data,
  title={Data stream management},
  author={Golab, Lukasz and {\"O}zsu, M Tamer},
  journal={Synthesis Lectures on Data Management},
  volume={2},
  number={1},
  pages={1--73},
  year={2010},
  publisher={Morgan \& Claypool Publishers}
}

@article{arasu2004stream,
  title={Stream: The stanford data stream management system},
  author={Arasu, Arvind and Babcock, Brian and Babu, Shivnath and Cieslewicz, John and Datar, Mayur and Ito, Keith and Motwani, Rajeev and Srivastava, Utkarsh and Widom, Jennifer},
  journal={Book chapter},
  year={2004},
  publisher={Stanford InfoLab}
}

@article{abadi2003aurora,
  title={Aurora: a new model and architecture for data stream management},
  author={Abadi, Daniel J and Carney, Don and {\c{C}}etintemel, Ugur and Cherniack, Mitch and Convey, Christian and Lee, Sangdon and Stonebraker, Michael and Tatbul, Nesime and Zdonik, Stan},
  journal={The VLDB Journal—The International Journal on Very Large Data Bases},
  volume={12},
  number={2},
  pages={120--139},
  year={2003},
  publisher={Springer-Verlag New York, Inc.}
}

@inproceedings{hammad2004nile,
  title={Nile: A query processing engine for data streams},
  author={Hammad, Moustafa A and Mokbel, Mohamed F and Ali, Mohamed H and Aref, Walid G and Catlin, Ann Christine and Elmagarmid, Ahmed K and Eltabakh, Mohamed and Elfeky, Mohamed G and Ghanem, Thanaa M and Gwadera, Robert and others},
  booktitle={Data Engineering, 2004. Proceedings. 20th International Conference on},
  pages={851},
  year={2004},
  organization={IEEE}
}

@inproceedings{suhothayan2011siddhi,
  title={Siddhi: A second look at complex event processing architectures},
  author={Suhothayan, Sriskandarajah and Gajasinghe, Kasun and Loku Narangoda, Isuru and Chaturanga, Subash and Perera, Srinath and Nanayakkara, Vishaka},
  booktitle={Proceedings of the 2011 ACM workshop on Gateway computing environments},
  pages={43--50},
  year={2011},
  organization={ACM}
}

@inproceedings{brenna2007cayuga,
  title={Cayuga: a high-performance event processing engine},
  author={Brenna, Lars and Demers, Alan and Gehrke, Johannes and Hong, Mingsheng and Ossher, Joel and Panda, Biswanath and Riedewald, Mirek and Thatte, Mohit and White, Walker},
  booktitle={Proceedings of the 2007 ACM SIGMOD international conference on Management of data},
  pages={1100--1102},
  year={2007},
  organization={ACM}
}

@article{stonebraker20058,
  title={The 8 requirements of real-time stream processing},
  author={Stonebraker, Michael and {\c{C}}etintemel, Uǧur and Zdonik, Stan},
  journal={ACM SIGMOD Record},
  volume={34},
  number={4},
  pages={42--47},
  year={2005},
  publisher={ACM}
}



@article{ali2005hippocratic,
  title={Hippocratic data streams-concepts, architectures and issues},
  author={Ali, MH and ElTabakh, MY and Bertino, Elisa},
  year={2005}
}

@inproceedings{zaharia2012resilient,
  title={Resilient distributed datasets: A fault-tolerant abstraction for in-memory cluster computing},
  author={Zaharia, Matei and Chowdhury, Mosharaf and Das, Tathagata and Dave, Ankur and Ma, Justin and McCauley, Murphy and Franklin, Michael J and Shenker, Scott and Stoica, Ion},
  booktitle={Proceedings of the 9th USENIX conference on Networked Systems Design and Implementation},
  pages={2--2},
  year={2012},
  organization={USENIX Association}
}

@article{boyd2011distributed,
  title={Distributed optimization and statistical learning via the alternating direction method of multipliers},
  author={Boyd, Stephen and Parikh, Neal and Chu, Eric and Peleato, Borja and Eckstein, Jonathan},
  journal={Foundations and Trends{\textregistered} in Machine Learning},
  volume={3},
  number={1},
  pages={1--122},
  year={2011},
  publisher={Now Publishers Inc.}
}

@article{agarwal2011reliable,
  title={A reliable effective terascale linear learning system},
  author={Agarwal, Alekh and Chapelle, Olivier and Dud{\'\i}k, Miroslav and Langford, John},
  journal={arXiv preprint arXiv:1110.4198},
  year={2011}
}

@inproceedings{zaharia2013discretized,
  title={Discretized streams: Fault-tolerant streaming computation at scale},
  author={Zaharia, Matei and Das, Tathagata and Li, Haoyuan and Hunter, Timothy and Shenker, Scott and Stoica, Ion},
  booktitle={Proceedings of the Twenty-Fourth ACM Symposium on Operating Systems Principles},
  pages={423--438},
  year={2013},
  organization={ACM}
}

@article{kohler2002principles,
  title={The principles of software QRS detection},
  author={Kohler, B-U and Hennig, Carsten and Orglmeister, Reinhold},
  journal={Engineering in Medicine and Biology Magazine, IEEE},
  volume={21},
  number={1},
  pages={42--57},
  year={2002},
  publisher={IEEE}
}


@misc{esper,
  title = {Esper},
  howpublished = {http://esper.codehaus.org/}
} 

@misc{hadoop,
  title = {Apache Hadoop},
  howpublished = {http://hadoop.apache.org/}
} 

@misc{twitterStorm,
  title = {Twitter Storm},
  howpublished = {https://storm.incubator.apache.org/}
} 



